@unpublished{Algebra1,
author = {Gregor Kemper},
title = {Algebra},
year = {2018},
note =
{\url{http://www-m11.ma.tum.de/fileadmin/w00bnb/www/people/kemper/lectureNotes/algebra_nodates.pdf},
German lecture notes}
}
